@article{Albis2021Demographic,
author = {D'Albis, Hippolyte and Boubtane, Ekrame and Coulibaly, Dramane},
journal = {European Economic Review},
pages = {103614},
title = {{Demographic changes and the labor income share}},
url = {https://www.sciencedirect.com/science/article/pii/S0014292120302440},
volume = {131},
year = {2021}
}
@article{Acemoglu2022Demographics,
author = {Acemoglu, Daron and Restrepo, Pascual},
journal = {The Review of Economic Studies},
number = {1},
pages = {1--44},
title = {{Demographics and Automation}},
volume = {89},
year = {2022}
}
@article{Rognlie2016Deciphering,
author = {Rognlie, Matthew},
journal = {Brookings papers on economic activity},
number = {1},
pages = {1--69},
publisher = {Brookings Institution Press},
title = {{Deciphering the fall and rise in the net capital share: accumulation or scarcity?}},
volume = {2015},
year = {2016}
}
@article{Bergholt2021Decline,
author = {Bergholt, Drago and Furlanetto, Francesco and Faccioli, Nicolo Maffei},
booktitle = {American Economic Journal: Macroeconomics},
title = {{The decline of the labor share: new empirical evidence}},
volume = {Forthcoming},
year = {2021}
}
@article{Shimer1998Why,
author = {Shimer, Robert},
journal = {NBER Macroeconomics Annual},
pages = {11--61},
publisher = {The University of Chicago Press},
title = {{Why Is the U.S. Unemployment Rate so Much Lower?}},
volume = {13},
year = {1998}
}
@article{Chirinko2017Substitution,
author = {Chirinko, Robert S. and Mallick, Debdulal},
journal = {American Economic Journal: Macroeconomics},
number = {4},
pages = {225--253},
title = {{The substitution elasticity, factor shares, and the low-frequency panel model}},
volume = {9},
year = {2017}
}
@article{Ferraro2020Aging,
author = {Ferraro, Domenico and Fiori, Giuseppe},
journal = {American Economic Journal: Macroeconomics},
number = {2},
pages = {167--193},
title = {{The aging of the baby boomers: Demographics and propagation of tax shocks}},
volume = {12},
year = {2020}
}
@article{Bengtsson2018Capital,
author = {Bengtsson, Erik and Waldenstr{\"{o}}m, Daniel},
edition = {2018/09/07},
journal = {The Journal of Economic History},
number = {3},
pages = {712--743},
publisher = {Cambridge University Press},
title = {{Capital Shares and Income Inequality: Evidence from the Long Run}},
volume = {78},
year = {2018}
}
@article{Piketty2015About,
author = {Piketty, Thomas},
journal = {The American Economic Review},
number = {5},
pages = {48--53},
publisher = {American Economic Association},
title = {{About "Capital in the Twenty-First Century"}},
volume = {105},
year = {2015}
}
@article{Papanicolas2020Comparison,
author = {Papanicolas, Irene and Marino, Alberto and Lorenzoni, Luca and Jha, Ashish},
journal = {JAMA network open},
number = {8},
pages = {e2014688},
title = {{Comparison of Health Care Spending by Age in 8 High-Income Countries}},
volume = {3},
year = {2020}
}
@article{Kaldor1955Alternative,
author = {Kaldor, Nicholas},
journal = {Review of Economic Studies},
number = {2},
pages = {83--100},
publisher = {[Oxford University Press, Review of Economic Studies, Ltd.]},
title = {{Alternative theories of distribution}},
volume = {23},
year = {1955}
}
@article{McDonald1981Wage,
author = {McDonald, Ian M and Solow, Robert M},
journal = {The American Economic Review},
number = {5},
pages = {896--908},
publisher = {American Economic Association},
title = {{Wage Bargaining and Employment}},
volume = {71},
year = {1981}
}
@article{Insler2014Health,
author = {Insler, Michael},
journal = {Journal of Human Resources},
number = {1},
pages = {195--233},
publisher = {[University of Wisconsin Press, Board of Regents of the University of Wisconsin System]},
title = {{The health consequences of retirement}},
volume = {49},
year = {2014}
}
@article{Giuliano2013Growing,
author = {Giuliano, Paola and Spilimbergo, Antonio},
journal = {Review of Economic Studies},
keywords = {Beliefs,Preferences for redistribution,Recession},
number = {2},
pages = {787--817},
publisher = {[Oxford University Press, The Review of Economic Studies, Ltd.]},
title = {{Growing up in a recession}},
volume = {81},
year = {2013}
}
@incollection{Alesina2011Preferences,
author = {Alesina, Alberto and Giuliano, Paola},
booktitle = {Handbook of Social Economics},
editor = {Benhabib, Jess and Bisin, Alberto and Jackson, Matthew O B T - Handbook of Social Economics},
pages = {93--131},
publisher = {North-Holland},
title = {{Preferences for Redistribution}},
volume = {1},
year = {2011}
}
@article{Autor2020Fall,
author = {Autor, David and Dorn, David and Katz, Lawrence F. and Patterson, Christina and Reenen, John Van},
journal = {Quarterly Journal of Economics},
number = {2},
pages = {645--709},
title = {{The fall of the labor share and the rise of superstar firms}},
url = {https://doi.org/10.1093/qje/qjaa004},
volume = {135},
year = {2020}
}
@article{Schmidt2013Demographic,
author = {Schmidt, Torsten and Vosen, Simeon},
journal = {Journal of Population Economics},
number = {1},
pages = {357--378},
publisher = {Springer},
title = {{Demographic change and the labour share of income}},
volume = {26},
year = {2013}
}
@article{Bentolila1990Firing,
author = {Bentolila, Samuel and Bertola, Giuseppe},
journal = {Review of Economic Studies},
number = {3},
pages = {381--402},
publisher = {[Oxford University Press, Review of Economic Studies, Ltd.]},
title = {{Firing costs and labour demand: How bad is eurosclerosis?}},
volume = {57},
year = {1990}
}
@article{Busemeyer2009Attitudes,
author = {Busemeyer, Marius R. and Goerres, Achim and Weschle, Simon},
journal = {Journal of European Social Policy},
number = {3},
pages = {195--212},
title = {{Attitudes towards redistributive spending in an era of demographic ageing: The rival pressures from age and income in 14 OECD countries}},
volume = {19},
year = {2009}
}
@article{David1965Biased,
author = {David, Paul and van de Klundert, Theo},
journal = {The American Economic Review},
number = {3},
pages = {357--394},
publisher = {American Economic Association},
title = {{Biased Efficiency Growth and Capital-Labor Substitution in the U.S., 1899-1960}},
volume = {55},
year = {1965}
}
@article{Klump2007Factor,
author = {Klump, Rainer and McAdam, Peter and Willman, Alpo},
journal = {Review of Economics and Statistics},
number = {1},
pages = {183--192},
publisher = {The MIT Press},
title = {{Factor substitution and factor-augmenting technical progress in the United States: A normalized supply-side system approach}},
volume = {89},
year = {2007}
}
@article{Nickell1983Unions,
author = {Nickell, S. J. and Andrews, M.},
journal = {Oxford Economic Papers},
number = {SUPP},
pages = {183--206},
publisher = {Oxford University Press},
title = {{Unions, real wages and employment in Britain 1951-79}},
volume = {35},
year = {1983}
}
@article{Lindbeck1987Balanced,
author = {Lindbeck, Assar and Weibull, J{\"{o}}rgen W.},
journal = {Public Choice},
number = {3},
pages = {273--297},
title = {{Balanced-budget redistribution as the outcome of political competition}},
volume = {52},
year = {1987}
}
@article{LeonLedesma2010Identifying,
author = {Le{\'{o}}n-Ledesma, Miguel A. and McAdam, Peter and Willman, Alpo},
journal = {American Economic Review},
number = {4},
pages = {1330--1357},
title = {{Identifying the elasticity of substitution with biased technical change}},
volume = {100},
year = {2010}
}
@article{Antras2004Aggregate,
author = {Antr{\`{a}}s, Pol},
journal = {Contributions to Macroeconomics},
number = {1},
title = {{Is the U.S. aggregate production function Cobb-Douglas? New estimates of the elasticity of substitution}},
volume = {4},
year = {2004}
}
@article{Chirinko2008Sigma,
author = {Chirinko, Robert S.},
journal = {Journal of Macroeconomics},
number = {2},
pages = {671--686},
title = {{$\sigma$: The long and short of it}},
volume = {30},
year = {2008}
}
@article{Futagami2001Population,
author = {Futagami, Koichi and Nakajima, Tetsuya},
journal = {Journal of Macroeconomics},
number = {1},
pages = {31--44},
title = {{Population aging and economic growth}},
volume = {23},
year = {2001}
}
@article{DAlbis2013Age,
author = {D'Albis, Hippolyte and Collard, Fabrice},
journal = {Demographic Research},
pages = {617--640},
title = {{Age groups and the measure of population aging}},
volume = {29},
year = {2013}
}
@article{Sorensen2013Aging,
author = {S{\o}rensen, Rune J.},
journal = {European Journal of Political Economy},
pages = {259--271},
title = {{Does aging affect preferences for welfare spending? A study of peoples' spending preferences in 22 countries, 1985-2006}},
volume = {29},
year = {2013}
}
@article{Sanderson2013Characteristics,
author = {Sanderson, Warren C. and Scherbov, Sergei},
journal = {Population and Development Review},
number = {4},
pages = {673--685},
title = {{The Characteristics Approach to the Measurement of Population Aging}},
volume = {39},
year = {2013}
}
@article{Sanderson2007Perspective,
author = {Sanderson, Warren C. and Scherbov, Sergei},
journal = {Demographic Research},
number = {2},
pages = {27--58},
title = {{A new perspective on population aging}},
volume = {16},
year = {2006}
}
@article{Lee2010Macroeconomic,
author = {Lee, Ronald D. and Mason, Andrew W.},
journal = {Demography},
number = {1},
pages = {151--172},
title = {{Some macroeconomic aspects of global population aging}},volume = {47},
year = {2010}
}
@article{Gonzalez-Eiras2012Ageing,
author = {Gonzalez-Eiras, Mart{\'{i}}n and Niepelt, Dirk},
journal = {European Economic Review},
number = {1},
pages = {97--115},
title = {{Ageing, government budgets, retirement, and growth}},
volume = {56},
year = {2012}
}
@article{Dedry2017Aging,
author = {Dedry, Antoine and Onder, Harun and Pestieau, Pierre},
journal = {Journal of the Economics of Ageing},
keywords = {Aging,Public finance sustainability,Social security},
pages = {145--155},
title = {{Aging, social security design, and capital accumulation}},
volume = {9},
year = {2017}
}
@article{DelaCroix2013Aging,
author = {de la Croix, David and Pierrard, Olivier and Sneessens, Henri R.},
journal = {Journal of Economic Dynamics and Control},
number = {1},
pages = {104--124},
title = {{Aging and pensions in general equilibrium: Labor market imperfections matter}},
volume = {37},
year = {2013}
}
@article{Elsby2013Decline,
author = {Elsby, Michael W.L. and Hobijn, Bart and Şahin, Ayşeg{\"{u}}l},
doi = {10.1353/eca.2013.0016},
issn = {15334465},
journal = {Brookings Papers on Economic Activity},
number = {FALL 2013},
pages = {1--52},
pmid = {7858664},
title = {{The decline of the U.S. labor share}},
url = {http://muse.jhu.edu/content/crossref/journals/brookings{\_}papers{\_}on{\_}economic{\_}activity/v2013/2013.2.elsby.html},
volume = {2013},
year = {2013}
}
@article{Young2018Globalization,
author = {Young, Andrew T. and Tackett, Maria Y.},
journal = {European Journal of Political Economy},
pages = {18--35},
title = {{Globalization and the decline in labor shares: Exploring the relationship beyond trade and financial flows}},
volume = {52},
year = {2018}
}
@article{Alvarez-Cuadrado2018Capital,
author = {Alvarez-Cuadrado, Francisco and Long, Ngo Van and Poschke, Markus},
journal = {Journal of Economic Dynamics and Control},
keywords = {Biased technical change,Capital-labor substitution,Labor income share,Structural change},
pages = {206--231},
title = {{Capital-labor substitution, structural change and the labor income share}},
volume = {87},
year = {2018}
}
@article{Karabarbounis2014Global,
author = {Karabarbounis, Loukas and Neiman, Brent},
journal = {Quarterly Journal of Economics},
number = {1},
pages = {61--103},
title = {{The global decline of the labor share}},
volume = {129},
year = {2014}
}
@article{Blanchard1997Medium,
author = {Blanchard, Olivier J.},
journal = {Brookings Papers on Economic Activity},
number = {2},
pages = {89--158},
publisher = {Brookings Institution Press},
title = {{The medium run}},
volume = {1997},
year = {1997}
}
@article{Bentolila2003Explaining,
author = {Bentolila, Samuel and Saint-Paul, Gilles},
journal = {Contributions to Macroeconomics},
number = {1},
publisher = {De Gruyter},
title = {{Explaining movements in the labor share}},
volume = {3},
year = {2003}
}
@article{Gollin2002Getting,
author = {Gollin, Douglas},
journal = {Journal of Political Economy},
number = {2},
pages = {458--474},
publisher = {The University of Chicago Press},
title = {{Getting income shares right}},
volume = {110},
year = {2002}
}
@article{Feenstra2015Next,
author = {Feenstra, Robert C. and Inklaar, Robert and Timmer, Marcel P.},
journal = {American Economic Review},
number = {10},
pages = {3150--3182},
publisher = {American Economic Association},
title = {{The next generation of the penn world table}},
volume = {105},
year = {2015}
}
@article{Pica2010Capital,
author = {Pica, Giovanni},
journal = {The BE Journal of Macroeconomics},
number = {1},
publisher = {De Gruyter},
title = {{Capital markets integration and labor market institutions}},
volume = {10},
year = {2010}
}
@article{Aksoy2019Demographic,
author = {Aksoy, Yunus and Basso, Henrique S. and Smith, Ron P. and Grasl, Tobias},
journal = {American Economic Journal: Macroeconomics},
number = {1},
pages = {193--222},
title = {{Demographic structure and macroeconomic trends}},
volume = {11},
year = {2019}
}
@article{Atkinson2009Factor,
author = {Atkinson, A. B.},
journal = {Oxford Review of Economic Policy},
keywords = {Distribution,Factor shares,Profits,Wages},
number = {1},
pages = {3--16},
title = {{Factor shares: The principal problem of political economy}},
volume = {25},
year = {2009}
}
@article{Checchi2010Labour,
author = {Checchi, Daniele and Garc{\'{i}}a-Pe{\~{n}}alosa, Cecilia},
journal = {Economica},
number = {307},
pages = {413--450},
publisher = {[London School of Economics, Wiley, London School of Economics and Political Science, Suntory and Toyota International Centres for Economics and Related Disciplines]},
title = {{Labour market institutions and the personal distribution of income in the OECD}},
volume = {77},
year = {2010}
}
@article{Jayadev2007Capital,
author = {Jayadev, Arjun},
journal = {Cambridge Journal of Economics},
keywords = {Bargaining,Capital Mobility,Factor Shares,Labour Share,Openness},
number = {3},
pages = {423--443},
title = {{Capital account openness and the labour share of income}},
volume = {31},
year = {2007}
}
@article{Bental2010Declining,
author = {Bental, Benjamin and Demougin, Dominique},
journal = {Journal of Macroeconomics},
number = {1},
pages = {443--456},
title = {{Declining labor shares and bargaining power: An institutional explanation}},
volume = {32},
year = {2010}
}
@article{Caballero1998Jobless,
author = {Caballero, Ricardo J. and Hammour, Mohamad L.},
journal = {Carnegie-Rochester Conference Series on Public Policy},
pages = {51--94},
title = {{Jobless growth: appropriability, factor substitution, and unemployment}},
volume = {48},
year = {1998}
}
@article{Acemoglu2003Labor,
author = {Acemoglu, Daron},
journal = {Journal of the European Economic Association},
number = {1},
pages = {1--37},
title = {{Labor- and capital-augmenting technical change}},
volume = {1},
year = {2003}
}
@article{Acemoglu2002Directed,
author = {Acemoglu, Daron},
journal = {Review of Economic Studies},
number = {4},
pages = {781--809},
publisher = {Oxford University Press},
title = {{Directed technical change}},
volume = {69},
year = {2002}
}
@techreport{Acciari2019And,
author = {Acciari, Paolo and Polo, Alberto and Violante, Giovanni L},
institution = {National Bureau of Economic Research},
title = {{" And Yet It Moves": Intergenerational Mobility in Italy}},
year = {2019}
}
@incollection{Acemoglu2011Skills,
author = {Acemoglu, Daron and Autor, David},
booktitle = {Handbook of Labor Economics},
pages = {1043--1171},
publisher = {Elsevier},
title = {{Skills, tasks and technologies: Implications for employment and earnings}},
volume = {4},
year = {2011}
}
@article{Acemoglu2020Robots,
author = {Acemoglu, Daron and Restrepo, Pascual},
journal = {Journal of Political Economy},
number = {6},
pages = {2188--2244},
publisher = {The University of Chicago Press},
title = {{Robots and jobs: Evidence from us labor markets}},
volume = {128},
year = {2020}
}
@article{Acemoglu2018Race,
author = {Acemoglu, Daron and Restrepo, Pascual},
journal = {American Economic Review},
number = {6},
pages = {1488--1542},
title = {{The race between man and machine: Implications of technology for growth, factor shares, and employment}},
volume = {108},
year = {2018}
}
@article{Autor2013Growth,
author = {Autor, David H. and Dorn, David},
journal = {American Economic Review},
number = {5},
pages = {1553--1597},
publisher = {American Economic Association},
title = {{The growth of low-skill service jobs and the polarization of the US Labor Market}},
volume = {103},
year = {2013}
}
@article{Autor2006Polarization,
author = {Autor, David H. and Katz, Lawrence F. and Kearney, Melissa S. and Berman, Eli and Chandra, Amitabh},
journal = {American Economic Review},
number = {2},
pages = {189--194},
publisher = {American Economic Association},
title = {{The polarization of the U.S. labor market}},
volume = {96},
year = {2006}
}
@article{Autor2003Skill,
author = {Autor, David H. and Levy, Frank and Murnane, Richard J.},
journal = {Quarterly Journal of Economics},
number = {4},
pages = {1279--1333},
title = {{The skill content of recent technological change: An empirical exploration}},
volume = {118},
year = {2003}
}
@article{Baert2013Overeducation,
author = {Baert, Stijn and Cockx, Bart and Verhaest, Dieter},
journal = {Labour Economics},
pages = {123--140},
title = {{Overeducation at the start of the career: Stepping stone or trap?}},
volume = {25},
year = {2013}
}
@article{Barany2018Job,
author = {B{\'{a}}r{\'{a}}ny, Zs{\'{o}}fia L. and Siegel, Christian},
journal = {American Economic Journal: Macroeconomics},
number = {1},
pages = {57--89},
title = {{Job polarization and structural change}},
volume = {10},
year = {2018}
}
@article{Beaudry2016Great,
author = {Beaudry, Paul and Green, David A. and Sand, Benjamin M.},
journal = {Journal of Labor Economics},
number = {S1},
pages = {S199--S247},
publisher = {University of Chicago Press Chicago, IL},
title = {{The great reversal in the demand for skill and cognitive tasks}},
volume = {34},
year = {2016}
}
@techreport{Bell2018Land,
author = {Bell, Brian and Blundell, Jack and Machin, Stephen},
booktitle = {CEP Discussion Paper},
institution = {Centre for Economic Performance, LSE},
number = {1591},
pages = {1--54},
title = {{Where is the Land of Hope and Glory? The Geography of Intergenerational Mobility in England and Wales}},
volume = {dp1591},
year = {2019}
}
@article{Bjorklund2012Important,
author = {Bj{\"{o}}rklund, Anders and J{\"{a}}ntti, Markus},
journal = {Labour Economics},
number = {4},
pages = {465--474},
publisher = {Elsevier B.V.},
title = {{How important is family background for labor-economic outcomes?}},
volume = {19},
year = {2012}
}
@article{Blanden2004Family,
author = {Blanden, Jo and Gregg, Paul},
journal = {Oxford Review of Economic Policy},
number = {2},
pages = {245--263},
title = {{Family income and educational attainment: A review of approaches and evidence for Britain}},
volume = {20},
year = {2004}
}
@article{Blanden2007Accounting,
author = {Blanden, Jo and Gregg, Paul and Macmillan, Lindsey},
journal = {Economic Journal},
number = {519},
pages = {C43--C60},
publisher = {Oxford University Press Oxford, UK},
title = {{Accounting for intergenerational income persistence: Noncognitive skills, ability and education}},
volume = {117},
year = {2007}
}
@article{Blanden2013Intergenerational,
author = {Blanden, Jo and Gregg, Paul and MacMillan, Lindsey},
journal = {Journal of the Royal Statistical Society. Series A: Statistics in Society},
keywords = {Income inequality,Intergenerational income mobility,Social class fluidity},
number = {2},
pages = {541--563},
title = {{Intergenerational persistence in income and social class: The effect of within-group inequality}},
volume = {176},
year = {2013}
}
@article{Blanden2014Education,
author = {Blanden, Jo and Macmillan, Lindsey},
journal = {Department of Quantitative Social Science Working Paper No . 14‐01},
volume = {1},
number = {14},
pages = {1--34},
publisher = {Centre for Analysis of Social Exclusion, The London School of Economics and{\~{}}{\ldots}},
title = {{Education and intergenerational mobility: Help or hindrance ?}},
year = {2014}
}
@article{Blanden2016Educational,
author = {Blanden, Jo and Macmillan, Lindsey},
journal = {Journal of Social Policy},
number = {4},
pages = {589--614},
publisher = {Cambridge University Press},
title = {{Educational inequality, educational expansion and intergenerational mobility}},
volume = {45},
year = {2016}
}
@article{Bukodi2013Decomposing,
author = {Bukodi, Erzs{\'{e}}bet and Goldthorpe, John H.},
journal = {European Sociological Review},
number = {5},
pages = {1024--1039},
title = {{Decomposing 'social origins': The effects of parents' class, status, and education on the educational attainment of their children}},
volume = {29},
year = {2013}
}
@article{Butikofer2018Breaking,
author = {Butikofer, Aline and {Dalla Zuanna}, Antonio and Salvanes, Kjell G.},
journal = {SSRN Electronic Journal},
title = {{Breaking the Links: Natural Resource Booms and Intergenerational Mobility}},
volume = {19},
year = {2018}
}
@article{Caines2017Complex,
author = {Caines, Colin and Hoffmann, Florian and Kambourov, Gueorgui},
journal = {Review of Economic Dynamics},
pages = {298--319},
title = {{Complex-task biased technological change and the labor market}},
volume = {25},
year = {2017}
}
@article{Chadwick2002Intergenerational,
author = {Chadwick, Laura and Solon, Gary},
journal = {American Economic Review},
number = {1},
pages = {335--344},
publisher = {American Economic Association},
title = {{Intergenerational income mobility among daughters}},
volume = {92},
year = {2002}
}
@article{Chan2007Class,
author = {Chan, Tak Wing and Goldthorpe, John H},
journal = {American Sociological Review},
number = {4},
pages = {512--532},
title = {{Class and Status: The Conceptual Distinction and its Empirical Relevance}},
volume = {72},
year = {2007}
}
@article{Chetty2017Fading,
author = {Chetty, Raj and Grusky, David and Hell, Maximilian and Hendren, Nathaniel and Manduca, Robert and Narang, Jimmy},
journal = {Science},
number = {6336},
pages = {398--406},
publisher = {American Association for the Advancement of Science},
title = {{The fading American dream: Trends in absolute income mobility since 1940}},
volume = {356},
year = {2017}
}
@article{Chetty2018ImpactsI,
author = {Chetty, Raj and Hendren, Nathaniel},
journal = {Quarterly Journal of Economics},
number = {3},
pages = {1107--1162},
publisher = {Oxford University Press / USA},
title = {{The Impacts of neighborhoods on intergenerational mobility I: Childhood exposure effects.}},
volume = {133},
year = {2018}
}
@article{Chetty2018ImpactsII,
author = {Chetty, Raj and Hendren, Nathaniel},
journal = {Quarterly Journal of Economics},
number = {3},
pages = {1163--1228},
publisher = {Oxford University Press / USA},
title = {{The Impacts of neighborhoods on intergenerational mobility II: County-level estimates}},
volume = {133},
year = {2018}
}
@article{Chetty2020Race,
author = {Chetty, Raj and Hendren, Nathaniel and Jones, Maggie R. and Porter, Sonya R.},
journal = {Quarterly Journal of Economics},
number = {2},
pages = {711--783},
title = {{Race and economic opportunity in the United States: An intergenerational perspective}},
volume = {135},
year = {2020}
}
@article{Chetty2014Land,
author = {Chetty, Raj and Hendren, Nathaniel and Kline, Patrick and Saez, Emmanuel},
journal = {Quarterly Journal of Economics},
number = {4},
pages = {1553--1623},
publisher = {Oxford University Press},
title = {{Where is the land of opportunity? The geography of intergenerational mobility in the United States}},
volume = {129},
year = {2014}
}
@article{Chetty2014United,
author = {Chetty, Raj and Hendren, Nathaniel and Kline, Patrick and Saez, Emmanuel and Turner, Nicholas},
journal = {American Economic Review},
number = {5},
pages = {141--147},
title = {{Is the United States still a land of opportunity? Recent trends in intergenerational mobility}},
volume = {104},
year = {2014}
}
@article{Coelli2016Job,
author = {Coelli, Michael and Borland, Jeff},
journal = {Economic Record},
number = {296},
pages = {1--27},
publisher = {Wiley-Blackwell},
title = {{Job Polarisation and Earnings Inequality in Australia}},
volume = {92},
year = {2016}
}
@article{Connolly2019Intergenerational,
author = {Connolly, Marie and Corak, Miles and Haeck, Catherine},
journal = {Journal of Labor Economics},
number = {S2},
pages = {S595--S641},
publisher = {University of Chicago},
title = {{Intergenerational mobility between and within Canada and the United States}},
volume = {37},
year = {2019}
}
@article{Cortes2016Middle,
author = {Cortes, Guido Matias},
journal = {Journal of Labor Economics},
number = {1},
pages = {63--105},
publisher = {University of Chicago},
title = {{Where have the middle-wage workers gone? A study of polarization using panel data}},
volume = {34},
year = {2016}
}
@article{Cowell2017Inequality,
author = {Cowell, Frank A and Flachaire, Emmanuel},
journal = {Economica},
number = {334},
pages = {290--321},
title = {{Inequality with Ordinal Data}},
volume = {84},
year = {2017}
}
@article{Crawford2016Higher,
author = {Crawford, Claire and Gregg, Paul and Macmillan, Lindsey and Vignoles, Anna and Wyness, Gill},
journal = {Oxford Review of Economic Policy},
number = {4},
pages = {553--575},
publisher = {Oxford University Press UK},
title = {{Higher education, career opportunities, and intergenerational inequality}},
volume = {32},
year = {2016}
}
@article{Deutscher2020Intergenerational,
author = {Deutscher, Nathan and Mazumder, Bhashkar},
journal = {Labour Economics},
pages = {101861},
title = {{Intergenerational mobility across Australia and the stability of regional estimates}},
volume = {66},
year = {2020}
}
@article{Dustmann2009Revisiting,
author = {Dustmann, Christian and Ludsteck, Johannes and Sch{\"{o}}nberg, Uta},
journal = {Quarterly Journal of Economics},
number = {2},
pages = {843--881},
title = {{Revisiting the german wage structure}},
volume = {124},
year = {2009}
}
@article{Erikson2010Social,
author = {Erikson, Robert and Goldthorpe, John H},
journal = {The British Journal of Sociology},
number = {2},
pages = {211--230},
title = {{Has social mobility in Britain decreased? Reconciling divergent findings on income and class mobility}},
volume = {61},
year = {2010}
}
@book{Erikson1992Constant,
author = {Erikson, Robert and Goldthorpe, John H},
publisher = {Oxford University Press, USA},
title = {{The constant flux: A study of class mobility in industrial societies}},
year = {1992}
}
@article{Goldthorpe2007Intergenerational,
author = {Goldthorpe, John H and Jackson, Michelle},
journal = {The British Journal of Sociology},
keywords = {Social mobility,class,cohort studies,policy relevance},
number = {4},
pages = {525--546},
title = {{Intergenerational class mobility in contemporary Britain: political concerns and empirical findings}},
volume = {58},
year = {2007}
}
@article{Goos2007Lousy,
author = {Goos, Maarten and Manning, Alan},
journal = {The Review of Economics and Statistics},
number = {1},
pages = {118--133},
publisher = {The MIT Press},
title = {{Lousy and Lovely Jobs: The Rising Polarization of Work in Britain}},
volume = {89},
year = {2007}
}
@article{Goos2009Job,
author = {Goos, Maarten and Manning, Alan and Salomons, Anna},
journal = {American Economic Review},
number = {2},
pages = {58--63},
publisher = {American Economic Association},
title = {{Job polarization in Europe}},
volume = {99},
year = {2009}
}
@article{Goos2014Explaining,
author = {Goos, Maarten and Manning, Alan and Salomons, Anna},
number = {8},
pages = {2509--2526},
publisher = {American Economic Association},
title = {{Explaining Job Polarization: Routine-Biased Technological Change and Offshoring}},
volume = {104},
year = {2014}
}
@article{Grawe2006Lifecycle,
author = {Grawe, Nathan D.},
journal = {Labour Economics},
number = {5},
pages = {551--570},
title = {{Lifecycle bias in estimates of intergenerational earnings persistence}},
volume = {13},
year = {2006}
}
@article{Gregg2010Family,
author = {Gregg, Paul and Macmillan, Lindsey and Gregg, Paul and Macmillan, Lindsey},
journal = {Longitudinal and Life Course Studies},
number = {3},
pages = {259--280},
title = {{Family income, education and cognitive ability in the next generation: exploring income gradients in education and test scores for current cohorts of youth}},
volume = {1},
year = {2010}
}
@techreport{Guvenen2017Lifetime,
author = {Guvenen, Fatih and Kaplan, Greg and Song, Jae and Weidner, Justin},
booktitle = {SSRN Electronic Journal},
institution = {National Bureau of Economic Research},
title = {{Lifetime Earnings in the United States over Six Decades}},
year = {2021}
}
@article{Heckman2014Economics,
author = {Heckman, James J. and Mosso, Stefano},
journal = {Annual Review of Economics},
pages = {689--733},
publisher = {Annual Reviews},
title = {{The economics of human development and social mobility}},
volume = {6},
year = {2014}
}
@article{Heckman2006Effects,
author = {Heckman, James J. and Stixrud, Jora and Urzua, Sergio},
journal = {Journal of Labor Economics},
number = {3},
pages = {411--482},
title = {{The effects of cognitive and noncognitive abilities on labor market outcomes and social behavior}},
volume = {24},
year = {2006}
}
@article{Heckman2013Understanding,
author = {Heckman, James and Pinto, Rodrigo and Savelyev, Peter},
journal = {American Economic Review},
number = {6},
pages = {2052--2086},
publisher = {American Economic Association},
title = {{Understanding the mechanisms through which an influential early childhood program boosted adult outcomes}},
volume = {103},
year = {2013}
}
@article{Heidrich2017Intergenerational,
author = {Heidrich, Stefanie},
journal = {Journal of Population Economics},
number = {4},
pages = {1241--1280},
publisher = {Springer Nature},
title = {{Intergenerational mobility in Sweden: a regional perspective}},
volume = {30},
year = {2017}
}
@techreport{Hennig2021Labor,
author = {Hennig, Jan-Luca},
publisher = {Kiel, Hamburg: ZBW-Leibniz Information Centre for Economics},
title = {{Labor Market Polarization and Intergenerational Mobility: Theory and Evidence}},
year = {2021}
}
@article{Hertz2008Inheritance,
author = {Hertz, Tom and Jayasundera, Tamara and Piraino, Patrizio and Selcuk, Sibel and Smith, Nicole and Verashchagina, Alina},
journal = {The BE Journal of Economic Analysis {\&} Policy},
number = {2},
publisher = {De Gruyter},
title = {{The inheritance of educational inequality: International comparisons and fifty-year trends}},
volume = {7},
year = {2008}
}
@techreport{Hunt2019Employment,
author = {Hunt, Jennifer and Nunn, Ryan},
institution = {National Bureau of Economic Research},
title = {{Is Employment Polarization Informative about Wage Inequality and is Employment Really Polarizing?}},
volume = {No. 26064},
year = {2019}
}
@incollection{Jantti2015Income,
booktitle = {Handbook of Income Distribution},
editor = {Atkinson, Anthony B and Bourguignon, Fran{\c{c}}ois B T - Handbook of Income Distribution},
pages = {807--935},
publisher = {Elsevier},
title = {{Income mobility}},
volume = {2},
year = {2015}
}
@article{Jenkins2021Inequality,
author = {Jenkins, Stephen P.},
journal = {Review of Income and Wealth},
volume={67},
number={3},
title = {{Inequality comparisons with ordinal data}},
year = {2021}
}
@article{Kambourov2008Rising,
author = {Kambourov, Gueorgui and Manovskii, Iourii},
journal = {International Economic Review},
number = {1},
pages = {41--79},
title = {{Rising occupational and industry mobility in the United States: 1968-97}},
volume = {49},
year = {2008}
}
@article{Kambourov2009Occupational,
author = {Kambourov, Guergui and Manovskii, Iourii},
journal = {Review of Economic Studies},
number = {2},
pages = {731--759},
title = {{Occupational mobility and wage inequality}},
volume = {76},
year = {2009}
}
@article{Kopczuk2010Earnings,
author = {Kopczuk, Wojciech and Saez, Emmanuel and Song, Jae},
journal = {Quarterly Journal of Economics},
number = {1},
pages = {91--128},
publisher = {Oxford University Press},
title = {{Earnings inequality and mobility in the United States: Evidence from social security data since 1937}},
volume = {125},
year = {2010}
}
@article{Kurer2019Distributional,
author = {Kurer, Thomas and Gallego, Aina},
journal = {Research and Politics},
number = {1},
pages = {2053168018822142},
publisher = {SAGE Publications Ltd},
title = {{Distributional consequences of technological change: Worker-level evidence}},
volume = {6},
year = {2019}
}
@article{Kurer2019Shrinking,
author = {Kurer, Thomas and Palier, Bruno},
journal = {Research and Politics},
number = {1},
pages = {2053168019831164},
publisher = {SAGE Publications Ltd},
title = {{Shrinking and shouting: the political revolt of the declining middle in times of employment polarization}},
volume = {6},
year = {2019}
}
@article{Laurison2016Class,
author = {Laurison, Daniel and Friedman, Sam},
journal = {American Sociological Review},
keywords = {class ceiling,class origin,class pay gap,social mobility},
number = {4},
pages = {668--695},
title = {{The Class Pay Gap in Higher Professional and Managerial Occupations}},
volume = {81},
year = {2016}
}
@article{Lise2020Multidimensional,
author = {Lise, Jeremy and Postel-Vinay, Fabien},
journal = {American Economic Review},
number = {8},
pages = {2328--2376},
title = {{Multidimensional Skills, Sorting, and Human Capital Accumulation}},
volume = {110},
year = {2020}
}
@article{Long2013Intergenerational,
author = {Long, Jason and Ferrie, Joseph},
journal = {The American Economic Review},
number = {4},
pages = {1109--1137},
publisher = {American Economic Association},
title = {{Intergenerational Occupational Mobility in Great Britain and the United States Since 1850}},
volume = {103},
year = {2013}
}
@techreport{Longmuir2020Routinization,
author = {Longmuir, Maximilian and Schr{\"{o}}der, Carsten and Targa, Matteo},
institution = {LIS Working Paper Series},
title = {{De-routinization of jobs and polarization of earnings: Evidence from 35 countries}},
year = {2020}
}
@article{Lordan2018People,
author = {Lordan, Grace and Neumark, David},
journal = {Labour Economics},
pages = {40--53},
title = {{People versus machines: The impact of minimum wages on automatable jobs}},
volume = {52},
year = {2018}
}
@article{Maarek2021Polarization,
author = {Maarek, Paul and Moiteaux, Elliot},
journal = {Labour Economics},
pages = {102076},
title = {{Polarization, employment and the minimum wage: Evidence from European local labor markets}},
year = {2021}
}
@article{Mahutga2018Job,
author = {Mahutga, Matthew C and Curran, Michaela and Roberts, Anthony},
journal = {International Journal of Comparative Sociology},
number = {2},
pages = {81--109},
publisher = {SAGE Publications Sage UK: London, England},
title = {{Job tasks and the comparative structure of income and employment: Routine task intensity and offshorability for the LIS}},
volume = {59},
year = {2018}
}
@book{Major2018Social,
author = {Major, Lee Elliot and Machin, Stephen},
publisher = {Penguin UK},
title = {{Social mobility: And its enemies}},
year = {2018}
}
@article{Michaels2014ICT,
author = {Michaels, Guy and Natraj, Ashwini and {Van Reenen}, John V.},
journal = {Review of Economics and Statistics},
number = {1},
pages = {60--77},
publisher = {The MIT Press},
title = {{Has ICT polarized skill demand? Evidence from eleven countries over twenty-five years}},
volume = {96},
year = {2014}
}
@article{Mocetti2007Intergenerational,
author = {Mocetti, Sauro},
journal = {B.E. Journal of Economic Analysis and Policy},
number = {2},
title = {{Intergenerational earnings mobility in Italy}},
volume = {7},
year = {2007}
}
@article{Neidhofer2018Educational,
author = {Neidh{\"{o}}fer, Guido and Serrano, Joaqu{\'{i}}n and Gasparini, Leonardo},
journal = {Journal of Development Economics},
keywords = {Education,Equality of opportunity,Inequality,Intergenerational mobility,Latin America},
pages = {329--349},
title = {{Educational inequality and intergenerational mobility in Latin America: A new database}},
volume = {134},
year = {2018}
}
@article{Nicoletti2007Intergenerational,
author = {Nicoletti, Cheti and Ermisch, John F.},
journal = {B.E. Journal of Economic Analysis and Policy},
number = {2},
publisher = {De Gruyter},
title = {{Intergenerational earnings mobility: Changes across cohorts in Britain}},
volume = {7},
year = {2007}
}
@article{Rose1998ESRC,
author = {Rose, David},
journal = {Statistical Journal of the United Nations Economic Commission for Europe},
number = {3},
pages = {293--317},
publisher = {Office for National Statistics London},
title = {{The ESRC review of UK government: Social classifications}},
volume = {13},
year = {1996}
}
@article{Ross2017Routine,
author = {Ross, Matthew B},
journal = {Labour Economics},
pages = {198--214},
title = {{Routine-biased technical change: Panel evidence of task orientation and wage effects}},
volume = {48},
year = {2017}
}
@article{Spitz-Oener2006Technical,
author = {Spitz-Oener, Alexandra},
journal = {Journal of Labor Economics},
number = {2},
pages = {235--270},
publisher = {[The University of Chicago Press, Society of Labor Economists, NORC at the University of Chicago]},
title = {{Technical change, job tasks, and rising educational demands: Looking outside the wage structure}},
volume = {24},
year = {2006}
}
@article{Verdugo2020Labour,
author = {Verdugo, Gregory and All{\`{e}}gre, Guillaume},
journal = {Labour Economics},
pages = {101881},
title = {{Labour force participation and job polarization: Evidence from Europe during the Great Recession}},
volume = {66},
year = {2020}
}

@article{bell2018changing,
  title={ Where is the Land of Hope and Glory? The Geography of Intergenerational Mobility in England and Wales},
  author={Bell, Brian and Blundell, Jack and Machin, Stephen},
  year={2019},
  publisher={Centre for Economic Performance, Discussion Paper No 1591}
}

@article{longley2021geography,
  title={The geography of intergenerational social mobility in Britain},
  author={Longley, Paul A and van Dijk, Justin and Lan, Tian},
  journal={Nature communications},
  volume={12},
  number={1},
  pages={1--8},
  year={2021},
  publisher={Nature Publishing Group}
}

@article{machin2012fiscalstud,
  title={The quest for more and more education: implications for social mobility},
  author={Lindley, Joanne and Machin, Stephen},
  journal={Fiscal Studies},
  volume={33},
  number={2},
  pages={265--286},
  year={2012},
  publisher={Wiley Online Library}
}

@article{harmon2003returns,
  title={The returns to education: Microeconomics},
  author={Harmon, Colm and Oosterbeek, Hessel and Walker, Ian},
  journal={Journal of economic surveys},
  volume={17},
  number={2},
  pages={115--156},
  year={2003},
  publisher={Wiley Online Library}
}

@book{breen2004social,
  title={Social mobility in Europe},
  author={Breen, Richard},
  year={2004},
  publisher={OUP Oxford}
}

@article{Dicandia2021Technological,
author = {Dicandia, Vittoria},
title = {{Technological Change and Racial Disparities}},
year = {2021}
}
@techreport{Acemoglu2021Culture,
  title = {{Culture, Institutions and Social Equilibria: A Framework}},
  author={Acemoglu, Daron and Robinson, James A},
  year={2021},
  institution={National Bureau of Economic Research}
}
@article{Akerlof2000Economics,
author = {Akerlof, George A. and Kranton, Rachel E.},
journal = {Quarterly Journal of Economics},
number = {3},
pages = {715--753},
title = {{Economics and identity}},
volume = {115},
year = {2000}
}
@article{Akerlof2005Identity,
author = {Akerlof, George A. and Kranton, Rachel E.},
journal = {Journal of Economic Perspectives},
number = {1},
pages = {9--32},
publisher = {American Economic Association},
title = {{Identity and the economics of organizations}},
volume = {19},
year = {2005}
}
@article{Akerlof1982Cognitive,
author = {Akerlof, George A and Dickens, William T},
journal = {The American Economic Review},
number = {3},
pages = {307--319},
publisher = {American Economic Association},
title = {{The Economic Consequences of Cognitive Dissonance}},
volume = {72},
year = {1982}
}
@book{Akerlof2010Identity,
author = {Akerlof, George A and Kranton, Rachel E},
publisher = {Princeton University Press},
title = {{Identity economics}},
year = {2010}
}
@article{Akerlof2017Value,
author = {Akerlof, Robert},
journal = {Games and Economic Behavior},
pages = {1--19},
title = {{Value Formation: The Role of Esteem}},
volume = {102},
year = {2017}
}
@article{Alan2017Transmission,
author = {Alan, Sule and Baydar, Nazli and Boneva, Teodora and Crossley, Thomas F. and Ertac, Seda},
journal = {Journal of Economic Behavior and Organization},
pages = {60--77},
title = {{Transmission of risk preferences from mothers to daughters}},
volume = {134},
year = {2017}
}
@article{Alesina2015Family,
author = {Alesina, Alberto and Algan, Yann and Cahuc, Pierre and Giuliano, Paola},
journal = {Journal of the European Economic Association},
number = {4},
pages = {599--630},
title = {{Family values and the regulation of labor}},
volume = {13},
year = {2015}
}
@incollection{Alesina2014Family,
author = {Alesina, Alberto and Giuliano, Paola},
booktitle = {Handbook of economic growth},
pages = {177--215},
publisher = {Elsevier},
title = {{Family ties}},
volume = {2},
year = {2014}
}
@article{Alesina2015Culture,
author = {Alesina, Alberto and Giuliano, Paola},
journal = {Journal of Economic Literature},
number = {4},
pages = {898--944},
publisher = {American Economic Association},
title = {{Culture and institutions}},
volume = {53},
year = {2015}
}
@article{Alesina2018Intergenerational,
author = {Alesina, Alberto and Stantcheva, Stefanie and Teso, Edoardo},
journal = {American Economic Review},
number = {2},
pages = {521--554},
publisher = {American Economic Association},
title = {{Intergenerational Mobility and Preferences for Redistribution}},
volume = {108},
year = {2018}
}
@incollection{Almlund2011Personality,
author = {Almlund, Mathilde and Duckworth, Angela Lee and Heckman, James and Kautz, Tim},
booktitle = {Handbook of the Economics of Education},
editor = {Hanushek, Eric A and Machin, Stephen and Woessmann, Ludger B T - Handbook of the Economics of Education},
pages = {1--181},
publisher = {Elsevier},
title = {{Personality Psychology and Economics}},
volume = {4},
year = {2011}
}
@techreport{Andreoni2014Beliefs,
author = {Andreoni, James and Sanchez, Alison},
booktitle = {National Bureau of Economic Research},
institution = {National Bureau of Economic Research},
issn = {0898-2937},
title = {{Do Beliefs Justify Actions or Do Actions Justify Beliefs? An Experiment on Stated Beliefs, Revealed Beliefs, and Social-Image Manipulation}},
year = {2014}
}
@article{Arulampalam2001Unemployment,
author = {Arulampalam, Wiji and Gregg, Paul and Gregory, Mary},
journal = {Economic Journal},
number = {475},
pages = {577--584},
publisher = {[Royal Economic Society, Wiley]},
title = {{Unemployment scarring}},
volume = {111},
year = {2001}
}
@article{Bardi2014Value,
author = {Bardi, Anat and Buchanan, Kathryn E. and Goodwin, Robin and Slabu, Letitia and Robinson, Mark},
journal = {Journal of Personality and Social Psychology},
number = {1},
pages = {131--147},
publisher = {American Psychological Association},
title = {{Value stability and change during self-chosen life transitions: Self-selection versus socialization effects}},
volume = {106},
year = {2014}
}
@article{Bardi2011Dual,
author = {Bardi, Anat and Goodwin, Robin},
journal = {Journal of Cross-Cultural Psychology},
number = {2},
pages = {271--287},
publisher = {Sage Publications Sage CA: Los Angeles, CA},
title = {{The dual route to value change: Individual processes and cultural moderators}},
volume = {42},
year = {2011}
}
@article{Bardi2009Structure,
author = {Bardi, Anat and Lee, Julie Anne and Hofmann-Towfigh, Nadi and Soutar, Geoffrey},
journal = {Journal of Personality and Social Psychology},
number = {5},
pages = {913--929},
publisher = {American Psychological Association},
title = {{The Structure of Intraindividual Value Change}},
volume = {97},
year = {2009}
}
@article{Bardi2003Values,
author = {Bardi, Anat and Schwartz, Shalom H.},
journal = {Personality and Social Psychology Bulletin},
number = {10},
pages = {1207--1220},
publisher = {SAGE Publications Inc},
title = {{Values and Behavior: Strength and Structure of Relations}},
volume = {29},
year = {2003}
}
@article{Barnea1998Values,
author = {Barnea, Marina F. and Schwartz, Shalom H.},
journal = {Political Psychology},
number = {1},
pages = {17--40},
publisher = {John Wiley {\&} Sons, Ltd},
title = {{Values and voting}},
volume = {19},
year = {1998}
}
@techreport{Baron2008Cultural,
author = {Baron, Juan D. and Cobb-Clark, Deborah A. and Erkal, Nisvan},
journal = {SSRN Electronic Journal},
title = {{Cultural Transmission of Work-Welfare Attitudes and the Intergenerational Correlation in Welfare Receipt}},
year = {2011}
}
@article{Barr2016Moral,
author = {Barr, Abigail and Miller, Luis and Ubeda, Paloma},
journal = {Proceedings of the National Academy of Sciences of the United States of America},
number = {17},
pages = {4676--4681},
title = {{Moral consequences of becoming unemployed}},
volume = {113},
year = {2016}
}
@article{Basic2020Development,
author = {Ba{\v{s}}i{\'{c}}, Zvonimir and Falk, Armin and Kosse, Fabian},
journal = {Journal of Economic Behavior and Organization},
pages = {667--680},
title = {{The development of egalitarian norm enforcement in childhood and adolescence}},
volume = {179},
year = {2020}
}
@article{Basmann1957Generalized,
author = {Basmann, R L},
issn = {00129682, 14680262},
journal = {Econometrica},
number = {1},
pages = {77--83},
title = {{A Generalized Classical Method of Linear Estimation of Coefficients in a Structural Equation}},
volume = {25},
year = {1957}
}
@article{Becker2012Relationship,
author = {Becker, Anke and Deckers, Thomas and Dohmen, Thomas and Falk, Armin and Kosse, Fabian},
journal = {Annual Review of Economics},
pages = {453--478},
publisher = {Annual Reviews},
title = {{The relationship between economic preferences and psychological personality measures}},
volume = {4},
year = {2012}
}
@article{Becker1976Altruism,
author = {Becker, Gary},
journal = {Journal of economic Literature},
number = {3},
pages = {817--826},
publisher = {American Economic Association},
title = {{Altruism, Egoism, and Genetic Fitness: Economics and Sociobiology}},
volume = {14},
year = {1976}
}
@article{Benabou2015Economics,
author = {B{\'{e}}nabou, Roland},
journal = {Revue d'{\'{e}}conomie politique},
number = {5},
pages = {665--685},
publisher = {Dalloz},
title = {{The economics of motivated beliefs}},
volume = {125},
year = {2015}
}
@article{Benabou2002Self,
author = {B{\'{e}}nabou, Roland and Tirole, Jean},
journal = {Quarterly Journal of Economics},
number = {3},
pages = {871--915},
publisher = {MIT Press},
title = {{Self-confidence and personal motivation}},
volume = {117},
year = {2002}
}
@article{Benabou2003Intrinsec,
author = {B{\'{e}}nabou, Roland and Tirole, Jean},
journal = {Review of Economic Studies},
number = {3},
pages = {489--520},
title = {{Intrinsic and extrinsic motivation}},
url = {https://doi.org/10.1111/1467-937X.00253},
volume = {70},
year = {2003}
}
@article{Benabou2004Willpower,
author = {B{\'{e}}nabou, Roland and Tirole, Jean},
journal = {Journal of Political Economy},
number = {4},
pages = {848--886},
publisher = {The University of Chicago Press},
title = {{Willpower and personal rules}},
volume = {112},
year = {2004}
}
@article{Benabou2006Belief,
author = {B{\'{e}}nabou, Roland and Tirole, Jean},
journal = {Quarterly Journal of Economics},
number = {2},
pages = {699--746},
publisher = {Oxford University Press},
title = {{Belief in a just world and redistributive politics}},
volume = {121},
year = {2006}
}
@article{Benabou2011Identity,
author = {B{\'{e}}nabou, Roland and Tirole, Jean},
journal = {Quarterly Journal of Economics},
number = {2},
pages = {805--855},
publisher = {Oxford University Press},
title = {{Identity, morals, and taboos: Beliefs as assets}},
volume = {126},
year = {2011}
}
@article{Benabou2016Mindful,
author = {B{\'{e}}nabou, Roland and Tirole, Jean},
journal = {Journal of Economic Perspectives},
number = {3},
pages = {141--164},
publisher = {American Economic Association},
title = {{Mindful economics: The production, consumption, and value of beliefs}},
volume = {30},
year = {2016}
}
@article{Bertrand2004Emily,
author = {Bertrand, Marianne and Mullainathan, Sendhil},
journal = {The American Economic Review},
number = {4},
pages = {991--1013},
publisher = {American Economic Association},
title = {{Are Emily and Greg more employable than Lakisha and Jamal? A Field experiment on labor market discrimination}},
volume = {94},
year = {2004}
}
@article{Bisin2003Empirical,
author = {Bisin, Alberto and Topa, Giorgio},
journal = {Journal of the European Economic Association},
number = {2-3},
pages = {363--375},
title = {{Empirical models of cultural transmission}},
volume = {1},
year = {2003}
}
@article{Bisin2001Economics,
author = {Bisin, Alberto and Verdier, Thierry},
journal = {Journal of Economic Theory},
number = {2},
pages = {298--319},
title = {{The economics of cultural transmission and the dynamics of preferences}},
volume = {97},
year = {2001}
}
@article{Bisin2011Economics,
author = {Bisin, Alberto and Verdier, Thierry},
journal = {Handbook of Social Economics},
keywords = {Cultural transmission socialization identity forma},
number = {1 B},
pages = {339--416},
title = {{The economics of cultural transmission and socialization}},
volume = {1},
year = {2011}
}
@article{Bolzendahl2004Feminist,
author = {Bolzendahl, Catherine I. and Myers, Daniel J.},
journal = {Social Forces},
number = {2},
pages = {759--790},
publisher = {Oxford University Press},
title = {{Feminist attitudes and support for gender equality: Opinion change in women and men, 1974-1998}},
volume = {83},
year = {2004}
}
@article{Bonomi2021Identity,
  title={Identity, beliefs, and political conflict},
  author={Bonomi, Giampaolo and Gennaioli, Nicola and Tabellini, Guido},
  journal={The Quarterly Journal of Economics},
  volume={136},
  number={4},
  pages={2371--2411},
  year={2021},
  publisher={Oxford University Press}
}
@article{Bordalo2019Beliefs,
author = {Bordalo, Pedro and Coffman, Katherine and Gennaioli, Nicola and Shleifer, Andrei},
journal = {American Economic Review},
number = {3},
pages = {739--773},
title = {{Beliefs about gender}},
volume = {109},
year = {2019}
}
@article{Borg2017Value,
author = {Borg, Ingwer and Bardi, Anat and Schwartz, Shalom H.},
journal = {Journal of Personality},
number = {2},
pages = {151--162},
publisher = {John Wiley {\&} Sons, Ltd},
title = {{Does the Value Circle Exist Within Persons or Only Across Persons?}},
volume = {85},
year = {2017}
}
@article{Borghans2008Economics,
author = {Borghans, Lex and Duckworth, Angela Lee and Heckman, James J. and ter Weel, Bas},
journal = {Journal of Human Resources},
number = {4},
pages = {972--1059},
publisher = {[University of Wisconsin Press, Board of Regents of the University of Wisconsin System]},
title = {{The economics and psychology of personality traits}},
volume = {43},
year = {2008}
}
@article{Bradley2002Breast,
author = {Bradley, Cathy J. and Bednarek, Heather L. and Neumark, David},
journal = {Journal of Health Economics},
keywords = {Breast cancer,Earnings,Employment,Hours worked,Labor market effects},
number = {5},
pages = {757--779},
title = {{Breast cancer survival, work, and earnings}},
volume = {21},
year = {2002}
}
@article{Bradley2005Short,
author = {Bradley, Cathy J. and Neumark, David and Bednarek, Heather L. and Schenk, Maryjean},
journal = {Journal of Health Economics},
number = {1},
pages = {137--160},
title = {{Short-term effects of breast cancer on labor market attachment: Results from a longitudinal study}},
volume = {24},
year = {2005}
}
@book{Brosch2015Handbook,
author = {Brosch, Tobias and Sander, David and Clement, Fabrice and Deonna, Julien A. and Fehr, Ernst and Vuilleumier, Patrik},
pages = {1689--1699},
publisher = {Oxford University Press},
title = {{Handbook of Value Perspectives from economics, neuroscience, philosophy, psychology, and sociology}},
year = {2016}
}
@incollection{Burke2011Social,
author = {Burke, Mary A. and {Peyton Young}, H.},
booktitle = {Handbook of Social Economics},
pages = {311--338},
publisher = {North-Holland},
title = {{Social norms}},
volume = {1 B},
year = {2011}
}
@article{Caprara2006Personality,
author = {Caprara, Gian Vittorio and Schwartz, Shalom and Capanna, Cristina and Vecchione, Michele and Barbaranelli, Claudio},
journal = {Political Psychology},
number = {1},
pages = {1--28},
publisher = {John Wiley {\&} Sons, Ltd},
title = {{Personality and politics: Values, traits, and political choice}},
volume = {27},
year = {2006}
}
@article{Caprara2009Mediational,
author = {Caprara, Gianvittorio and Vecchione, Michele and Schwartz, Shalom H.},
journal = {Asian Journal of Social Psychology},
number = {2},
pages = {82--94},
publisher = {Wiley-Blackwell},
title = {{Mediational role of values in linking personality traits to political orientation}},
volume = {12},
year = {2009}
}
@article{Charness2007Individual,
author = {Charness, Gary and Rigotti, Luca and Rustichini, Aldo},
journal = {American Economic Review},
number = {4},
pages = {1340--1352},
publisher = {American Economic Association},
title = {{Individual behavior and group membership}},
volume = {97},
year = {2007}
}
@article{Chen2013Effect,
author = {Chen, M. Keith},
journal = {American Economic Review},
number = {2},
pages = {690--731},
publisher = {American Economic Association},
title = {{The effect of language on economic behavior: Evidence from savings rates, health behaviors, and retirement assets}},
volume = {103},
year = {2013}
}
@article{Cheng2012Measurement,
author = {Cheng, Helen and Bynner, John and Wiggins, Richard and Schoon, Ingrid},
journal = {Social Indicators Research},
number = {2},
pages = {351--371},
title = {{The Measurement and Evaluation of Social Attitudes in Two British Cohort Studies}},
volume = {107},
year = {2012}
}
@article{Chuang2021Sex,
author = {Chuang, Erica and Dupas, Pascaline and Huillery, Elise and Seban, Juliette},
journal = {Journal of Development Economics},
pages = {102582},
title = {{Sex, lies, and measurement: Consistency tests for indirect response survey methods}},
volume = {148},
year = {2021}
}
@article{Clark2001Scarring,
author = {Clark, Andrew E. and Georgellis, Yannis and Sanfey, Peter},
journal = {Economica},
number = {270},
pages = {221--241},
publisher = {John Wiley {\&} Sons, Ltd},
title = {{Scarring: The psychological impact of past unemployment}},
volume = {68},
year = {2001}
}
@article{Clark1994Unhappiness,
author = {Clark, Andrew E. and Oswald, Andrew J.},
journal = {The Economic Journal},
number = {424},
pages = {648},
publisher = {[Royal Economic Society, Wiley]},
title = {{Unhappiness and Unemployment}},
volume = {104},
year = {1994}
}
@article{Cobb-Clark2012Stability,
author = {Cobb-Clark, Deborah A. and Schurer, Stefanie},
journal = {Economics Letters},
number = {1},
pages = {11--15},
title = {{The stability of big-five personality traits}},
volume = {115},
year = {2012}
}
@article{Cunningham2005Reciprocal,
author = {Cunningham, Mick and Beutel, Ann M. and Barber, Jennifer S. and Thornton, Arland},
journal = {Social Science Research},
number = {4},
pages = {862--892},
title = {{Reciprocal relationships between attitudes about gender and social contexts during young adulthood}},
volume = {34},
year = {2005}
}
@article{Dahl2008Demand,
author = {Dahl, Gordon B. and Moretti, Enrico},
journal = {Review of Economic Studies},
number = {4},
pages = {1085--1120},
title = {{The demand for sons}},
volume = {75},
year = {2008}
}
@article{Daniel2021Changes,
author = {Daniel, Ella and Bardi, Anat and Fischer, Ronald and Benish-Weisman, Maya and Lee, Julie A.},
journal = {Social Psychological and Personality Science},
publisher = {SAGE Publications Sage CA: Los Angeles, CA},
title = {{Changes in Personal Values in Pandemic Times}},
year = {2021}
}
@article{DiTella2015Conveniently,
author = {{Di Tella}, Rafael and Perez-Truglia, Ricardo and Babino, Andres and Sigman, Mariano},
journal = {American Economic Review},
number = {11},
pages = {3416--3442},
publisher = {American Economic Association},
title = {{Conveniently upset: Avoiding altruism by distorting beliefs about others' altruism}},
volume = {105},
year = {2015}
}
@article{Doepke2017Parenting,
author = {Doepke, Matthias and Zilibotti, Fabrizio},
journal = {Econometrica},
number = {5},
pages = {1331--1371},
publisher = {[Wiley, The Econometric Society]},
title = {{Parenting With Style: Altruism and Paternalism in Intergenerational Preference Transmission}},
volume = {85},
year = {2017}
}
@article{Dossi2021Born,
author = {Dossi, Gaia and Figlio, David and Giuliano, Paola and Sapienza, Paola},
journal = {Journal of Economic Behavior and Organization},
keywords = {Cultural transmission,Gender differences,Math performance},
pages = {175--188},
title = {{Born in the family: Preferences for boys and the gender gap in math}},
volume = {183},
year = {2021}
}
@article{Doyle2017Early,
author = {Doyle, Orla and Harmon, Colm and Heckman, James J. and Logue, Caitriona and Moon, Seong Hyeok},
journal = {Labour Economics},
pages = {40--58},
title = {{Early skill formation and the efficiency of parental investment: A randomized controlled trial of home visiting}},
volume = {45},
year = {2017}
}
@article{Dubuc2007Increase,
author = {Dubuc, Sylvie and Coleman, D. David},
journal = {Population and Development Review},
number = {2},
pages = {383--400},
publisher = {John Wiley {\&} Sons, Ltd},
title = {{An increase in the sex ratio of births to India-born mothers in England and Wales: Evidence for sex-selective abortion}},
volume = {33},
year = {2007}
}
@techreport{Enke2020Moral,
author = {Enke, Benjamin and Rodr{\'{i}}guez-Padilla, Ricardo and Zimmermann, Florian},
booktitle = {SSRN Electronic Journal},
institution = {National Bureau of Economic Research},
issn = {1556-5068},
title = {{Moral Universalism and the Structure of Ideology}},
year = {2020}
}
@techreport{Eyster2002Rationalizing,
author = {Eyster, Erik},
journal = {Nuffield College Mimeograph},
title = {{Rationalizing the Past: A Taste for Consistency}},
year = {2002}
}
@article{Falk2018Global,
author = {Falk, Armin and Becker, Anke and Dohmen, Thomas and Enke, Benjamin and Huffman, David and Sunde, Uwe},
journal = {Quarterly Journal of Economics},
number = {4},
pages = {1645--1692},
title = {{Global evidence on economic preferences}},
volume = {133},
year = {2018}
}
@article{Falk2017Consistency,
author = {Falk, Armin and Zimmermann, Florian},
journal = {Management Science},
number = {7},
pages = {2197--2210},
publisher = {INFORMS},
title = {{Consistency as a signal of skills}},
volume = {63},
year = {2017}
}
@article{Falk2018Information,
author = {Falk, Armin and Zimmermann, Florian},
journal = {Economic Journal},
number = {613},
pages = {1983--2002},
publisher = {Oxford University Press / USA},
title = {{Information Processing and Commitment}},
volume = {128},
year = {2018}
}
@article{Fehr2002Psychological,
author = {Fehr, Ernst and Falk, Armin},
journal = {European Economic Review},
number = {4-5},
pages = {687--724},
publisher = {Elsevier},
title = {{Psychological foundations of incentives}},
volume = {46},
year = {2002}
}
@article{Fehr2013Development,
author = {Fehr, Ernst and Gl{\"{a}}tzle-R{\"{u}}tzler, Daniela and Sutter, Matthias},
journal = {European Economic Review},
pages = {369--383},
title = {{The development of egalitarianism, altruism, spite and parochialism in childhood and adolescence}},
volume = {64},
year = {2013}
}
@incollection{Feldman2003Values,
address = {New York, NY, US},
author = {Feldman, Stanley},
booktitle = {Oxford Handbook of Political Psychology},
pages = {477--508},
publisher = {Oxford University Press},
title = {{Values, ideology, and the structure of political attitudes}},
year = {2003}
}
@article{Ferguson2011Personality,
author = {Ferguson, Eamonn and Heckman, James J. and Corr, Philip},
journal = {Personality and Individual Differences},
number = {3},
pages = {201--209},
title = {{Personality and economics: Overview and proposed framework}},
volume = {51},
year = {2011}
}
@article{Fernandez2007Women,
author = {Fern{\'{a}}ndez, Raquel},
journal = {Journal of the European Economic Association},
number = {2-3},
pages = {305--332},
title = {{Women, work, and culture}},
volume = {5},
year = {2007}
}
@article{Fernandez2004Mothers,
author = {Fern{\'{a}}ndez, Raquel and Fogli, Alessandra and Olivetti, Claudia},
journal = {Quarterly Journal of Economics},
number = {4},
pages = {1249--1299},
title = {{Mothers and sons: Preference formation and female labor force dynamics}},
volume = {119},
year = {2004}
}
@book{Festinger1957Theory,
author = {Festinger, Leon},
publisher = {Stanford university press},
title = {{A theory of cognitive dissonance}},
volume = {2},
year = {1957}
}
@article{Fischer2015Motivational,
author = {Fischer, Ronald and Boer, Diana},
journal = {Journal of Personality},
number = {5},
pages = {491--510},
publisher = {Wiley-Blackwell},
title = {{Motivational Basis of Personality Traits: A Meta-Analysis of Value-Personality Correlations}},
volume = {83},
year = {2015}
}
@article{Fisman2007Corruption,
author = {Fisman, Raymond and Miguel, Edward},
journal = {Journal of Political Economy},
number = {6},
pages = {1020--1048},
publisher = {The University of Chicago Press},
title = {{Corruption, norms, and legal enforcement: evidence from diplomatic parking tickets}},
volume = {115},
year = {2007}
}
@article{Flinn2018Personality,
author = {Flinn, Christopher J. and Todd, Petra E. and Zhang, Weilong},
journal = {European Economic Review},
pages = {191--220},
title = {{Personality traits, intra-household allocation and the gender wage gap}},
volume = {109},
year = {2018}
}
@article{Genicot2017Aspirations,
author = {Genicot, Garance and Ray, Debraj},
journal = {Econometrica},
number = {2},
pages = {489--519},
publisher = {[Wiley, The Econometric Society]},
title = {{Aspirations and Inequality}},
volume = {85},
year = {2017}
}
@article{Ghiglino2021Class,
author = {Ghiglino, Christian and Ju{\'{a}}rez-Luna, David and M{\"{u}}ller, Andreas},
journal = {The Economic Journal},
number = {640},
pages = {3274--3295},
title = {{Class Altruism and Redistribution}},
volume = {131},
year = {2021}
}
@article{Giuliano2007Living,
author = {Giuliano, Paola},
journal = {Journal of the European Economic Association},
number = {5},
pages = {927--952},
publisher = {Oxford University Press},
title = {{Living arrangements in Western Europe: Does cultural origin matter?}},
volume = {5},
year = {2007}
}
@article{Glasford2008Intragroup,
author = {Glasford, Demis E. and Pratto, Felicia and Dovidio, John F.},
journal = {Journal of Experimental Social Psychology},
number = {4},
pages = {1057--1064},
title = {{Intragroup dissonance: Responses to ingroup violation of personal values}},
volume = {44},
year = {2008}
}
@article{Gollan2014Interindividual,
author = {Gollan, Tobias and Witte, Erich H.},
journal = {Journal of Cross-Cultural Psychology},
number = {3},
pages = {452--467},
publisher = {Sage Publications Sage CA: Los Angeles, CA},
title = {{From the Interindividual to the Intraindividual Level: Is the Circumplex Model of Values Applicable to Intraindividual Value Profiles?}},
volume = {45},
year = {2014}
}
@article{Gregg2005Wage,
author = {Gregg, Paul and Tominey, Emma},
journal = {Labour Economics},
number = {4},
pages = {487--509},
title = {{The wage scar from male youth unemployment}},
volume = {12},
year = {2005}
}
@techreport{Grinza2017Entry,
author = {Grinza, Elena and Devicienti, Francesco and Rossi, Mariacristina and Vannoni, Davide},
publisher = {IZA Discussion Paper},
title = {{How Entry into Parenthood Shapes Gender Role Attitudes: New Evidence from Longitudinal UK Data}},
year = {2017}
}
@article{Guiso2006Culture,
author = {Guiso, Luigi and Sapienza, Paola and Zingales, Luigi},
journal = {Journal of Economic Perspectives},
number = {2},
pages = {23--48},
publisher = {American Economic Association},
title = {{Does culture affect economic outcomes?}},
volume = {20},
year = {2006}
}
@article{Hiller2016Cultural,
author = {Hiller, Victor and Baudin, Thomas},
journal = {Mathematical Social Sciences},
pages = {8--23},
title = {{Cultural transmission and the evolution of gender roles}},
volume = {84},
year = {2016}
}
@article{Holahan1999Self,
author = {Holahan, Carole K. and Holahan, Charles J. and Wonacott, Nancy L.},
journal = {Psychology and Aging},
number = {2},
pages = {238--244},
publisher = {American Psychological Association},
title = {{Self-appraisal, life satisfaction, and retrospective life choices across one and three decades}},
volume = {14},
year = {1999}
}
@article{Ichino2000Work,
author = {Ichino, Andrea and Maggi, Giovanni},
journal = {The Quarterly Journal of Economics},
number = {3},
pages = {1057--1090},
publisher = {MIT Press},
title = {{Work environment and individual background: Explaining regional shirking differentials in a large Italian firm}},
volume = {115},
year = {2000}
}
@article{Knabe2010Dissatisfied,
author = {Knabe, Andreas and R{\"{a}}tzel, Steffen and Sch{\"{o}}b, Ronnie and Weimann, Joachim},
journal = {Economic Journal},
number = {547},
pages = {867--889},
publisher = {[Royal Economic Society, Wiley]},
title = {{Dissatisfied with life but having a good day: Time-use and well-being of the unemployed}},
volume = {120},
year = {2010}
}
@article{Konow2000Fair,
author = {Konow, James},
journal = {American Economic Review},
number = {4},
pages = {1072--1091},
publisher = {American Economic Association},
title = {{Fair shares: Accountability and cognitive dissonance in allocation decisions}},
volume = {90},
year = {2000}
}
@article{Kosse2020Formation,
author = {Kosse, Fabian and Deckers, Thomas and Pinger, Pia and Schildberg-H{\"{o}}risch, Hannah and Falk, Armin},
journal = {Journal of Political Economy},
number = {2},
pages = {434--467},
publisher = {The University of Chicago Press},
title = {{The formation of prosociality: Causal evidence on the role of social environment}},
volume = {128},
year = {2020}
}
@article{Kranton2016Identity,
author = {Kranton, Rachel E.},
journal = {American Economic Review},
number = {5},
pages = {405--409},
publisher = {American Economic Association},
title = {{Identity economics 2016: Where do social distinctions and norms come from?}},
volume = {106},
year = {2016}
}
@article{Kunda1990Case,
author = {Kunda, Ziva},
journal = {Psychological Bulletin},
number = {3},
pages = {480--498},
publisher = {American Psychological Association},
title = {{The case for motivated reasoning}},
volume = {108},
year = {1990}
}
@article{Laibson2015Principles,
author = {Laibson, David and List, John A},
journal = {The American Economic Review},
number = {5},
pages = {385--390},
publisher = {American Economic Association},
title = {{Principles of (Behavioral) Economics}},
volume = {105},
year = {2015}
}
@article{Levitt2004Transformational,
author = {Levitt, Heidi M. and Frankel, Ze'ev and Hiestand, Katherine and Ware, Kimberly and Bretz, Karen and Kelly, Rebecca and McGhee, Sarah and Nordtvedt, Richard T. and Raina, Karina},
journal = {Journal of Constructivist Psychology},
number = {1},
pages = {1--26},
publisher = {Routledge},
title = {{The transformational experience of insight: A life-changing event}},
volume = {17},
year = {2004}
}
@article{Lonnqvist2011Personal,
author = {L{\"{o}}nnqvist, Jan Erik and Jasinskaja-Lahti, Inga and Verkasalo, Markku},
journal = {Social Psychological and Personality Science},
number = {6},
pages = {584--591},
publisher = {Sage Publications Sage CA: Los Angeles, CA},
title = {{Personal values before and after migration: A longitudinal case study on value change in ingrian-finnish migrants}},
volume = {2},
year = {2011}
}
@article{Mayda2006Against,
author = {Mayda, Anna Maria},
journal = {Review of Economics and Statistics},
number = {3},
pages = {510--530},
publisher = {The MIT Press},
title = {{Who is against immigration? A cross-country investigation of individual attitudes toward immigrants}},
volume = {88},
year = {2006}
}
@article{McGuire1960Cognitive,
author = {McGuire, W. J.},
journal = {Journal of Abnormal and Social Psychology},
number = {3},
pages = {345--353},
publisher = {American Psychological Association},
title = {{Cognitive consistency and attitude change}},
volume = {60},
year = {1960}
}
@article{Miles2015Regenesis,
author = {Miles, Andrew},
journal = {American Sociological Review},
number = {4},
pages = {680--704},
title = {{The (Re)genesis of Values: Examining the Importance of Values for Action}},
volume = {80},
year = {2015}
}
@article{Milfont2016Values,
author = {Milfont, Taciano L. and Milojev, Petar and Sibley, Chris G.},
journal = {Personality and Social Psychology Bulletin},
number = {5},
pages = {572--588},
publisher = {Sage Publications Sage CA: Los Angeles, CA},
title = {{Values Stability and Change in Adulthood: A 3-Year Longitudinal Study of Rank-Order Stability and Mean-Level Differences}},
volume = {42},
year = {2016}
}
@article{Montgomery2010Intergenerational,
author = {Montgomery, James D.},
journal = {American Economic Journal: Microeconomics},
number = {4},
pages = {115--136},
title = {{Intergenerational cultural transmission as an evolutionary game}},
volume = {2},
year = {2010}
}
@article{Moran2011Long,
author = {Moran, John R. and Short, Pamela Farley and Hollenbeak, Christopher S.},
journal = {Journal of Health Economics},
number = {3},
pages = {505--514},
title = {{Long-term employment effects of surviving cancer}},
volume = {30},
year = {2011}
}
@article{Nordt2015Modelling,
author = {Nordt, Carlos and Warnke, Ingeborg and Seifritz, Erich and Kawohl, Wolfram},
journal = {The Lancet Psychiatry},
number = {3},
pages = {239--245},
title = {{Modelling suicide and unemployment: a longitudinal analysis covering 63 countries, 2000–11}},
volume = {2},
year = {2015}
}
@article{Parks2015Personality,
author = {Parks-Leduc, Laura and Feldman, Gilad and Bardi, Anat},
journal = {Personality and Social Psychology Review},
number = {1},
pages = {3--29},
publisher = {Sage Publications Sage CA: Los Angeles, CA},
title = {{Personality Traits and Personal Values: A Meta-Analysis}},
volume = {19},
year = {2015}
}
@article{Karsten2009Unemployment,
author = {Paul, Karsten I and Moser, Klaus},
journal = {Journal of Vocational Behavior},
number = {3},
pages = {264--282},
title = {{Unemployment impairs mental health: Meta-analyses}},
volume = {74},
year = {2009}
}
@article{Peteet2000Cancer,
author = {Peteet, John R.},
journal = {General Hospital Psychiatry},
number = {3},
pages = {200--205},
title = {{Cancer and the meaning of work}},
volume = {22},
year = {2000}
}
@article{Piketty1995Social,
author = {Piketty, Thomas},
journal = {Quarterly Journal of Economics},
number = {3},
pages = {551--584},
title = {{Social mobility and redistributive politics}},
volume = {110},
year = {1995}
}
@book{Rapport2014Social,
author = {Rapport, Nigel},
booktitle = {Social and Cultural Anthropology: The Key Concepts},
pages = {1--548},
publisher = {Routledge},
title = {{Social and cultural anthropology: The key concepts}},
year = {2014}
}
@article{Roccas2010Personal,
author = {Roccas, Sonia and Sagiv, Lilach},
journal = {Social and Personality Psychology Compass},
number = {1},
pages = {30--41},
publisher = {John Wiley {\&} Sons, Ltd},
title = {{Personal Values and Behavior: Taking the Cultural Context into Account}},
volume = {4},
year = {2010}
}
@article{Sagiv2017Personal,
author = {Sagiv, Lilach and Roccas, Sonia and Cieciuch, Jan and Schwartz, Shalom H.},
journal = {Nature Human Behaviour},
number = {9},
pages = {630--639},
publisher = {Nature Publishing Group},
title = {{Personal values in human life}},
volume = {1},
year = {2017}
}
@incollection{Schwartz1992Universals,
author = {Schwartz, Shalom H.},
booktitle = {Advances in Experimental Social Psychology},
pages = {1--65},
publisher = {Elsevier},
title = {{Universals in the content and structure of values: Theoretical advances and empirical tests in 20 countries}},
volume = {25},
year = {1992}
}
@article{Schwartz2012Overview,
author = {Schwartz, Shalom H.},
journal = {Online Readings in Psychology and Culture},
number = {1},
pages = {919--2307},
title = {{An Overview of the Schwartz Theory of Basic Values}},
volume = {2},
year = {2012}
}
@article{Shayo2009Model,
author = {Shayo, Moses},
journal = {American Political Science Review},
number = {2},
pages = {147--174},
publisher = {[American Political Science Association, Cambridge University Press]},
title = {{A model of social identity with an application to political economy: Nation, class, and redistribution}},
volume = {103},
year = {2009}
}
@article{Shayo2020Social,
author = {Shayo, Moses},
journal = {Annual Review of Economics},
number = {1},
pages = {355--389},
publisher = {Annual Reviews},
title = {{Social identity and economic policy}},
volume = {12},
year = {2020}
}
@article{Short2008Long,
author = {Short, Pamela Farley and Vasey, Joseph J. and Moran, John R.},
number = {1 P1},
pages = {193--210},
title = {{Long-term effects of cancer survivorship on the employment of older workers}},
volume = {43},
year = {2008}
}
@article{Short2005Employment,
author = {Short, Pamela Farley and Vasey, Joseph J. and Tunceli, Kaan},
journal = {Cancer},
number = {6},
pages = {1292--1301},
title = {{Employment pathways in a large cohort of adult cancer survivors}},
volume = {103},
year = {2005}
}
@article{Short2008Work,
author = {Short, Pamela Farley and Vasey, Joseph J and BeLue, Rhonda},
journal = {Psycho-Oncology},
number = {1},
pages = {91--97},
title = {{Work disability associated with cancer survivorship and other chronic conditions}},
volume = {17},
year = {2008}
}
@article{Sobel2005Interdependent,
author = {Sobel, Joel},
journal = {Journal of Economic Literature},
number = {2},
pages = {392--436},
publisher = {American Economic Association},
title = {{Interdependent preferences and reciprocity}},
volume = {43},
year = {2005}
}
@article{Sutter2009Individual,
author = {Sutter, Matthias},
journal = {American Economic Review},
number = {5},
pages = {2247--2257},
publisher = {American Economic Association},
title = {{Individual behavior and group membership: Comment}},
volume = {99},
year = {2009}
}
@article{Tabellini2008Scope,
author = {Tabellini, Guido},
issn = {00335533},
journal = {Quarterly Journal of Economics},
number = {3},
pages = {905--950},
title = {{The scope of cooperation: Values and incentives}},
volume = {123},
year = {2008}
}
@article{Terracciano2006Personality,
author = {Terracciano, Antonio and Costa, Paul T. and McCrae, Robert R.},
journal = {Personality and Social Psychology Bulletin},
number = {8},
pages = {999--1009},
title = {{Personality plasticity after age 30}},
volume = {32},
year = {2006}
}
@article{Terracciano2010Intra,
author = {Terracciano, Antonio and McCrae, Robert R. and Costa, Paul T.},
journal = {Journal of Research in Personality},
number = {1},
pages = {31--37},
publisher = {Elsevier Inc.},
title = {{Intra-individual change in personality stability and age}},
volume = {44},
year = {2010}
}
@techreport{Theil1971Principles,
author = {Theil, Henri},
title = {{Principles of econometrics}},
year = {1971}
}
@article{Todd2020Dynamic,
author = {Todd, Petra E. and Zhang, Weilong},
journal = {Quantitative Economics},
number = {1},
pages = {231--275},
title = {{A dynamic model of personality, schooling, and occupational choice}},
volume = {11},
year = {2020}
}
@article{Vecchione2015Personal,
author = {Vecchione, Michele and Schwartz, Shalom H. and Caprara, Gian Vittorio and Schoen, Harald and Cieciuch, Jan and Silvester, Jo and Bain, Paul and Bianchi, Gabriel and Kirmanoglu, Hasan and Baslevent, Cem and Mamali, Catalin and Manzi, Jorge and Pavlopoulos, Vassilis and Posnova, Tetyana and Torres, Claudio and Verkasalo, Markku and L{\"{o}}nnqvist, Jan Erik and Vondr{\'{a}}kov{\'{a}}, Eva and Welzel, Christian and Alessandri, Guido},
issn = {20448295},
journal = {British Journal of Psychology},
number = {1},
pages = {84--106},
publisher = {Wiley-Blackwell},
title = {{Personal values and political activism: A cross-national study}},
volume = {106},
year = {2015}
}
@article{Washington2008Female,
author = {Washington, Ebonya L.},
journal = {American Economic Review},
number = {1},
pages = {311--332},
publisher = {American Economic Association},
title = {{Female socialization: How daughters affect their legislator fathers' voting on women's issues}},
volume = {98},
year = {2008}
}
@techreport{Yariv2002See,
author = {Yariv, Leeat},
journal = {Cowles Foundation Discussion Paper},
title = {{I'll See It When I Believe It — A Simple Model of Cognitive Consistency}},
year = {2002}
}
@article{Zimmermann2020Dynamics,
author = {Zimmermann, Florian},
journal = {American Economic Review},
number = {2},
pages = {337--363},
title = {{The dynamics of motivated beliefs}},
volume = {110},
year = {2020}
}
@techreport{Zumbuhl2013Parental,
author = {Zumb{\"{u}}hl, Maria and Dohmen, Thomas J. and Pfann, Gerard A.},
journal = {SSRN Electronic Journal},
title = {{Parental Investment and the Intergenerational Transmission of Economic Preferences and Attitudes}},
year = {2013}
}
@article{meisner2021you,
  title={Are you OK, Boomer? Intensification of ageism and intergenerational tensions on social media amid COVID-19},
  author={Meisner, Brad A},
  journal={Leisure Sciences},
  volume={43},
  number={1-2},
  pages={56--61},
  year={2021},
  publisher={Taylor \& Francis}
}
@article{guimaraes2022explaining,
author = {Guimar{\~{a}}es, Lu{\'{i}}s and Gil, Pedro Mazeda},
journal = {Labour Economics},
pages = {102146},
title = {{Explaining the Labor Share: Automation Vs Labor Market Institutions}},
volume = {75},
year = {2022}
}
@article{alvarezcuadrado2018capital,
author = {Alvarez-Cuadrado, Francisco and Long, Ngo Van and Poschke, Markus},
journal = {Journal of Economic Dynamics and Control},
pages = {206--231},
title = {{Capital-labor substitution, structural change and the labor income share}},
volume = {87},
year = {2018}
}